% titleofreport.bib
@inproceedings{lin2017focal,
  title={Focal Loss for Dense Object Detection},
  author={Lin, Tsung-Yi and Goyal, Priya and Girshick, Ross and He, Kaiming and Doll\'ar, Piotr},
  booktitle={Proceedings of the IEEE International Conference on Computer Vision (ICCV)},
  year={2017}
}

@inproceedings{szegedy2016rethinking,
  title={Rethinking the Inception Architecture for Computer Vision},
  author={Szegedy, Christian and Vanhoucke, Vincent and Ioffe, Sergey and Shlens, Jon and Wojna, Zbigniew},
  booktitle={Proceedings of the IEEE Conference on Computer Vision and Pattern Recognition (CVPR)},
  year={2016}
}

@article{pereyra2017regularizing,
  title={Regularizing Neural Networks by Penalizing Confident Output Distributions},
  author={Pereyra, Gabriel and Tucker, George and Chorowski, Jan and Kaiser, \L{}ukasz and Hinton, Geoffrey},
  journal={arXiv preprint arXiv:1701.06548},
  year={2017}
}

@article{chaudhari2019entropy,
  title={Entropy-SGD: Biasing Gradient Descent into Wide Valleys},
  author={Chaudhari, Pratik and Soatto, Stefano},
  journal={Journal of Statistical Mechanics: Theory and Experiment},
  year={2019}
}

@misc{rankdistance2024,
  title={Rank-Distance Loss for Language Models},
  author={Anonymous},
  year={2024},
  note={Under review}
}

% TODO: Add citations for additional related work and baselines.
