@book{goodfellow2016deep,
  title     = {Deep Learning},
  author    = {Ian Goodfellow and Yoshua Bengio and Aaron Courville},
  publisher = {MIT Press},
  year      = {2016}
}

@inproceedings{lin2017focal,
  title        = {Focal Loss for Dense Object Detection},
  author       = {Tsung-Yi Lin and Priya Goyal and Ross Girshick and Kaiming He and Piotr Doll{\'a}r},
  booktitle    = {Proceedings of the IEEE International Conference on Computer Vision (ICCV)},
  year         = {2017},
  pages        = {2980--2988}
}

@inproceedings{lapin2016topk,
  title        = {Top-$k$ Multiclass {SVM}},
  author       = {Lapin, Maksim and Hein, Matthias and Schiele, Bernt},
  booktitle    = {Advances in Neural Information Processing Systems},
  year         = {2016},
  pages        = {325--333}
}
